@article{exact,
 author = {Bodlaender, Hans L. and Fomin, Fedor V. and Koster, Arie M. C. A. and Kratsch, Dieter and Thilikos, Dimitrios M.},
 title = {On Exact Algorithms for Treewidth},
 journal = {ACM Trans. Algorithms},
 issue_date = {December 2012},
 volume = {9},
 number = {1},
 month = dec,
 year = {2012},
 issn = {1549-6325},
 pages = {12:1--12:23},
 articleno = {12},
 numpages = {23},
 url = {http://doi.acm.org/10.1145/2390176.2390188},
 doi = {10.1145/2390176.2390188},
 acmid = {2390188},
 publisher = {ACM},
 address = {New York, NY, USA},
 keywords = {Graph algorithms, dynamic programming, exact algorithms, separators, treewidth},
} 

@article{acyclicMin,
 author = {Bubenzer, Johannes},
 title = {Cycle-aware Minimization of Acyclic Deterministic Finite-state Automata},
 journal = {Discrete Appl. Math.},
 issue_date = {January, 2014},
 volume = {163},
 month = jan,
 year = {2014},
 issn = {0166-218X},
 pages = {238--246},
 numpages = {9},
 url = {http://dx.doi.org/10.1016/j.dam.2013.08.003},
 doi = {10.1016/j.dam.2013.08.003},
 acmid = {2564975},
 publisher = {Elsevier Science Publishers B. V.},
 address = {Amsterdam, The Netherlands, The Netherlands},
 keywords = {Algorithmic, Deterministic finite state automata, Minimization},
}
@book{HU,
address = {Reading, MA},
author = {Hopcroft, J E and Ullman, J D},
publisher = {Addison-Wesley},
title = {{Introduction to Automata Theory, Languages, and Computation}},
year = {1979}
}
@misc{_range-based,
	title = {Range-based for loop (since {C}++11) - cppreference.com},
	howpublished = {\url{http://en.cppreference.com/w/cpp/language/range-for}},
	urldate = {2015-11-02},
	file = {Range-based for loop (since C++11) - cppreference.com:C\:\\Users\\Joey\\AppData\\Roaming\\Mozilla\\Firefox\\Profiles\\v7u3hbyk.default\\zotero\\storage\\4UMTRD26\\range-for.html:text/html}
}
@misc{cppAuto,
	title = {auto specifier (since {C}++11) - cppreference.com},
	howpublished = {\url{http://en.cppreference.com/w/cpp/language/auto}},
	urldate = {2015-11-02},
	file = {auto specifier (since C++11) - cppreference.com:C\:\\Users\\Joey\\AppData\\Roaming\\Mozilla\\Firefox\\Profiles\\v7u3hbyk.default\\zotero\\storage\\M7IIR8M9\\auto.html:text/html}
}

@misc{clangHome,
	title = {"clang" {C} {Language} {Family} {Frontend} for {LLVM}},
	howpublished = {\url{http://clang.llvm.org/}},
	urldate = {2015-11-05},
	file = {"clang" C Language Family Frontend for LLVM:C\:\\Users\\Joey\\AppData\\Roaming\\Mozilla\\Firefox\\Profiles\\v7u3hbyk.default\\zotero\\storage\\AZKF8D6R\\clang.llvm.org.html:text/html}
}

@misc{gnuTime,
	title = {Ubuntu {Manpage}: time},
	howpublished = {\url{http://manpages.ubuntu.com/manpages/maverick/man1/time.1.html}},
	urldate = {2015-11-05},
	file = {Ubuntu Manpage\: time - run programs and summarize system resource usage:C\:\\Users\\Joey\\AppData\\Roaming\\Mozilla\\Firefox\\Profiles\\v7u3hbyk.default\\zotero\\storage\\I4AV3X3A\\time.1.html:text/html}
}
@misc{finalGithub,
	title = {Github: treewidth-memoization, final-submission branch},
	howpublished = {\url{https://github.com/JoeyEremondi/treewidth-memoization/tree/final-submission}},
	abstract = {treewidth-memoization - An experiment attempting to find a (moderately) space-efficient algorithm for calculating exact treewidth},
	urldate = {2015-11-05},
	journal = {GitHub},
	author = {Joey Eremondi},
	file = {Snapshot:C\:\\Users\\Joey\\AppData\\Roaming\\Mozilla\\Firefox\\Profiles\\v7u3hbyk.default\\zotero\\storage\\DJEFTWBP\\final-submission.html:text/html}
}
@misc{javaTW,
	title = {Treewidth.com: libTW },
	author = {Thomas van Dijk and Jan-Pieter van den Heuvel and Wouter Slob},
	howpublished = {\url{http://treewidth.com/treewidth/index.html}},
	urldate = {2015-11-05},
	file = {/ - treewidth-algorithms - Implementing some treewidth algorithms... Indeed. - Google Project Hosting:C\:\\Users\\Joey\\AppData\\Roaming\\Mozilla\\Firefox\\Profiles\\v7u3hbyk.default\\zotero\\storage\\957BQ8Q6\\browse.html:text/html}
}
@article{lowerBound,
title = "Treewidth computations II. Lower bounds ",
journal = "Information and Computation ",
volume = "209",
number = "7",
pages = "1103 - 1119",
year = "2011",
note = "",
issn = "0890-5401",
doi = "http://dx.doi.org/10.1016/j.ic.2011.04.003",
url = "http://www.sciencedirect.com/science/article/pii/S0890540111000836",
author = "Hans L. Bodlaender and Arie M.C.A. Koster",
keywords = "Treewidth",
keywords = "Lower bounds",
keywords = "Heuristics",
keywords = "Graph algorithms "
}
@article{upperBound,
title = "Treewidth computations I. Upper bounds ",
journal = "Information and Computation ",
volume = "208",
number = "3",
pages = "259 - 275",
year = "2010",
note = "",
issn = "0890-5401",
doi = "http://dx.doi.org/10.1016/j.ic.2009.03.008",
url = "http://www.sciencedirect.com/science/article/pii/S0890540109000947",
author = "Hans L. Bodlaender and Arie M.C.A. Koster",
keywords = "Treewidth",
keywords = "Upper bounds",
keywords = "Heuristics",
keywords = "Approximation algorithms",
keywords = "Graph algorithms "
}


